@misc{habr_proxmox,
  author = {SY-RAHMADI},
  title = {Resale HDB Flat Prices 2012 - 2023},
  year = {30. prosinec 2023},
  howpublished = "\url{https://www.kaggle.com/datasets/syrahmadi/resale-hdb-flat-prices-2000-2022/data}",
}

@article{oleksiuk_proxmox_academic_cloud,
  author = {ClickHouse},
  title = {ClickHouse Docs},
  year = {2024.},
  journal = {ClickHouse},
  url = {https://clickhouse.com/docs/},
}

